@Online{crn,
  title  = {Composites Research Network},
  url    = {Crn.ubc.ca},
  Year = {2019},
  urldate={2019-09-18},
}
@Online{matlab,
  title  = {Partial Differential Equation Toolbox Documentation},
  url = {https://www.mathworks.com/help/pde/index.html?s_tid=CRUX_lftnav},
  Year = {2020},
  urldate={2020-03-25},
}

@article{RF,
author ="Criminisi, A",
year = "2012",
month = "02",
pages = "82-227",
title = "Decision Forests: A Unified Framework for Classification, Regression, Density Estimation, Manifold Learning and Semi-Supervised Learning",
volume = "7",
journal = "Foundations and Trends in Computer Graphics and Vision"
}
@article{curesim,
author ="S. Nakouzi and J. Pancrace and F. M. Schmidt and Y. L. Maoult and F. Berthet",
year = "2010",
month = "03",
pages = "587-590",
title = "Curing Simulation of Composites Coupled with Infrared Heating",
volume = "3",
journal = "International Journal of Material Forming"
}
@article{polylam,
author ="P. Shah and V. Halls and J. Zheng and R. Batra",
year = "2017",
pages = "773-792",
title = "Optimal cure cycle parameters for minimizing residual stresses in fiber-reinforced polymer composite laminates",
volume = "52, no. 6",
journal = "Journal of Composite Materials"
}
@article{rnn,
  author        = "Dragan Aleksendric and Pierpaolo Carlone and Velimir Cirovic",
  title         = "Optimization of the Temperature-Time Curve for the Curing Process of Thermoset Matrix Composites",
  journal       = "Applied Composite Materials",
  volume        = "23",
  month         = "Oct",
  year          = "2016",
  pages         = "1047-1063"
  
}
@book{scikit-RF,
  author        = "Pedgregosa",
  title         = " Scikit-learn: Machine Learning in Python",
  year          = "2013",
  pages         = "2825-2830"
}
@online{lstmgru,
  author = {M. Nguyen},
  title  = {Illustrated Guide to LSTM's and GRU's: A step by step explanation},
  publisher = {Medium},
  url = {https://towardsdatascience.com/illustrated-guide-to-lstms-and-gru-s-a-step-by-step-explanation-44e9eb85bf21},
  Year = {2019},
  urldate={2020-03-16},
}
@book{hands_on_scaling,
  author        = "Aurélien Géron",
  title         = "Hands-On Machine Learning with Scikit-Lean, Keras \& TensorFlow",
  publisher     = "O'Reilly",
  address       = "1005 Gravenstein Highway Norht, Sebastopol, CA 95472",
  year          = "2019",
  chapter         = "2"
}
@book{hands_on_lstm,
  author        = "Aurélien Géron",
  title         = "Hands-On Machine Learning with Scikit-Lean, Keras \& TensorFlow",
  publisher     = "O'Reilly",
  address       = "1005 Gravenstein Highway Norht, Sebastopol, CA 95472",
  year          = "2019",
  chapter         = "12"
}
@book{learn_keras,
  author        = "Jojo Moolayil",
  title         = "Learn Keras for Deep Neural Networks: A Fast-Track Approach to Modern Deep Learning with Python",
  publisher     = "O'Reilly",
  address       = "1005 Gravenstein Highway Norht, Sebastopol, CA 95472",
  year          = "2018",
  chapter         = "2"
}
@inproceedings{adam,
title={Adam: A Method For Stochastic Optimization},
author={Diederik P. Kingma and Jimmy Lei Ba},
booktitle={International Conference on Learning Representations},
year={2017},
url={https://arxiv.org/abs/1412.6980v8},
}
@article{dropout,
author = {Srivastava, Nitish and Hinton, Geoffrey and Krizhevsky, Alex and Sutskever, Ilya and Salakhutdinov, Ruslan},
year = {2014},
month = {06},
pages = {1929-1958},
title = {Dropout: A Simple Way to Prevent Neural Networks from Overfitting},
volume = {15},
journal = {Journal of Machine Learning Research}
}
@article{selftune,
author = {R. Schoeman and J. V. Rensburg and D. Nicolae},
title = {Self-tuning curing oven control},
year = {2010},
journal = {12th International Conference on Optimization of Electrical and Electronic Equipment}
}
@article{ann,
author = {P. E. Jahromi and A. Shojaei, and S. M. R. Pishvaie},
title = {Predication and optimization of cure cycle of thick fiber-reinforced composite parts using artificial neural networks},
year = {2012},
pages = {1201-1215},
volume= {31},
journal = {ournal of Reinforced Plastics and Composites}
}
@InProceedings{daume07easyadapt,
    author =       {Hal {Daum\'e III}},
    title =        {Frustratingly Easy Domain Adaptation},
    booktitle = {Conference of the Association for Computational Linguistics (ACL)},
    year =         {2007},
    address =      {Prague, Czech Republic},
}
@article{DBLP:journals/corr/SunFS15,
  author    = {Baochen Sun and
               Jiashi Feng and
               Kate Saenko},
  title     = {Return of Frustratingly Easy Domain Adaptation},
  journal   = {CoRR},
  volume    = {abs/1511.05547},
  year      = {2015},
  url       = {http://arxiv.org/abs/1511.05547},
  archivePrefix = {arXiv},
  eprint    = {1511.05547},
  timestamp = {Mon, 13 Aug 2018 16:47:58 +0200},
  biburl    = {https://dblp.org/rec/journals/corr/SunFS15.bib},
  bibsource = {dblp computer science bibliography, https://dblp.org}
}

@online{shheq,
  author = {Stanford Research Systems Inc},
  title  = {Thermistor Calculator V1.1},
  publisher = {Stanford},
  url = {https://www.thinksrs.com/downloads/programs/therm\%20calc/ntccalibrator/ntccalculator.html},
  Year = {2019},
  urldate={2019-12-20},
}
@online{ttable,
  author = {Makeralot},
  title  = {Reprap Hotend Thermistor NTC 3950 100K with 1M Cable},
  publisher = {Makeralot},
  url = {https://www.makeralot.com/download/Reprap-Hotend-Thermistor-NTC-3950-100K.pdf},
  Year = {2019},
  urldate={2019-12-20},
}